[gd_scene load_steps=233 format=3 uid="uid://oo6gorynp1eq"]

[ext_resource type="Script" path="res://addons/LPCAnimatedSprite/LPCAnimatedSprite2D.gd" id="1_d6mke"]
[ext_resource type="Script" path="res://addons/LPCAnimatedSprite/LPCSpriteSheet.gd" id="2_tvawt"]
[ext_resource type="Texture2D" uid="uid://bdsxu5dtjk3t1" path="res://graphics/lpc-necromancer.png" id="3_gfsoe"]

[sub_resource type="Resource" id="Resource_tqtd4"]
script = ExtResource("2_tvawt")
SpriteSheet = ExtResource("3_gfsoe")
Name = "Necromancer"
SpriteType = 0

[sub_resource type="AtlasTexture" id="AtlasTexture_yabqt"]
atlas = ExtResource("3_gfsoe")
region = Rect2(0, 128, 64, 64)

[sub_resource type="AtlasTexture" id="AtlasTexture_0lf2g"]
atlas = ExtResource("3_gfsoe")
region = Rect2(64, 128, 64, 64)

[sub_resource type="AtlasTexture" id="AtlasTexture_w0mma"]
atlas = ExtResource("3_gfsoe")
region = Rect2(128, 128, 64, 64)

[sub_resource type="AtlasTexture" id="AtlasTexture_72fem"]
atlas = ExtResource("3_gfsoe")
region = Rect2(192, 128, 64, 64)

[sub_resource type="AtlasTexture" id="AtlasTexture_pqtic"]
atlas = ExtResource("3_gfsoe")
region = Rect2(256, 128, 64, 64)

[sub_resource type="AtlasTexture" id="AtlasTexture_s5rpx"]
atlas = ExtResource("3_gfsoe")
region = Rect2(320, 128, 64, 64)

[sub_resource type="AtlasTexture" id="AtlasTexture_1ogtw"]
atlas = ExtResource("3_gfsoe")
region = Rect2(384, 128, 64, 64)

[sub_resource type="AtlasTexture" id="AtlasTexture_770rs"]
atlas = ExtResource("3_gfsoe")
region = Rect2(0, 64, 64, 64)

[sub_resource type="AtlasTexture" id="AtlasTexture_sigh2"]
atlas = ExtResource("3_gfsoe")
region = Rect2(64, 64, 64, 64)

[sub_resource type="AtlasTexture" id="AtlasTexture_68vlu"]
atlas = ExtResource("3_gfsoe")
region = Rect2(128, 64, 64, 64)

[sub_resource type="AtlasTexture" id="AtlasTexture_vwr8p"]
atlas = ExtResource("3_gfsoe")
region = Rect2(192, 64, 64, 64)

[sub_resource type="AtlasTexture" id="AtlasTexture_8a5mm"]
atlas = ExtResource("3_gfsoe")
region = Rect2(256, 64, 64, 64)

[sub_resource type="AtlasTexture" id="AtlasTexture_bi7fd"]
atlas = ExtResource("3_gfsoe")
region = Rect2(320, 64, 64, 64)

[sub_resource type="AtlasTexture" id="AtlasTexture_cui8y"]
atlas = ExtResource("3_gfsoe")
region = Rect2(384, 64, 64, 64)

[sub_resource type="AtlasTexture" id="AtlasTexture_rlysn"]
atlas = ExtResource("3_gfsoe")
region = Rect2(0, 192, 64, 64)

[sub_resource type="AtlasTexture" id="AtlasTexture_wmhxw"]
atlas = ExtResource("3_gfsoe")
region = Rect2(64, 192, 64, 64)

[sub_resource type="AtlasTexture" id="AtlasTexture_kk8nb"]
atlas = ExtResource("3_gfsoe")
region = Rect2(128, 192, 64, 64)

[sub_resource type="AtlasTexture" id="AtlasTexture_25lh3"]
atlas = ExtResource("3_gfsoe")
region = Rect2(192, 192, 64, 64)

[sub_resource type="AtlasTexture" id="AtlasTexture_5r7ry"]
atlas = ExtResource("3_gfsoe")
region = Rect2(256, 192, 64, 64)

[sub_resource type="AtlasTexture" id="AtlasTexture_67ewc"]
atlas = ExtResource("3_gfsoe")
region = Rect2(320, 192, 64, 64)

[sub_resource type="AtlasTexture" id="AtlasTexture_tv2re"]
atlas = ExtResource("3_gfsoe")
region = Rect2(384, 192, 64, 64)

[sub_resource type="AtlasTexture" id="AtlasTexture_v5um7"]
atlas = ExtResource("3_gfsoe")
region = Rect2(0, 0, 64, 64)

[sub_resource type="AtlasTexture" id="AtlasTexture_ic26t"]
atlas = ExtResource("3_gfsoe")
region = Rect2(64, 0, 64, 64)

[sub_resource type="AtlasTexture" id="AtlasTexture_kdq01"]
atlas = ExtResource("3_gfsoe")
region = Rect2(128, 0, 64, 64)

[sub_resource type="AtlasTexture" id="AtlasTexture_fipog"]
atlas = ExtResource("3_gfsoe")
region = Rect2(192, 0, 64, 64)

[sub_resource type="AtlasTexture" id="AtlasTexture_bhilk"]
atlas = ExtResource("3_gfsoe")
region = Rect2(256, 0, 64, 64)

[sub_resource type="AtlasTexture" id="AtlasTexture_40v6y"]
atlas = ExtResource("3_gfsoe")
region = Rect2(320, 0, 64, 64)

[sub_resource type="AtlasTexture" id="AtlasTexture_uqpmi"]
atlas = ExtResource("3_gfsoe")
region = Rect2(384, 0, 64, 64)

[sub_resource type="AtlasTexture" id="AtlasTexture_j3t6h"]
atlas = ExtResource("3_gfsoe")
region = Rect2(0, 1280, 64, 64)

[sub_resource type="AtlasTexture" id="AtlasTexture_tg5et"]
atlas = ExtResource("3_gfsoe")
region = Rect2(64, 1280, 64, 64)

[sub_resource type="AtlasTexture" id="AtlasTexture_063j1"]
atlas = ExtResource("3_gfsoe")
region = Rect2(128, 1280, 64, 64)

[sub_resource type="AtlasTexture" id="AtlasTexture_sn44b"]
atlas = ExtResource("3_gfsoe")
region = Rect2(192, 1280, 64, 64)

[sub_resource type="AtlasTexture" id="AtlasTexture_xq60v"]
atlas = ExtResource("3_gfsoe")
region = Rect2(256, 1280, 64, 64)

[sub_resource type="AtlasTexture" id="AtlasTexture_dracx"]
atlas = ExtResource("3_gfsoe")
region = Rect2(320, 1280, 64, 64)

[sub_resource type="AtlasTexture" id="AtlasTexture_tgvl4"]
atlas = ExtResource("3_gfsoe")
region = Rect2(320, 1280, 64, 64)

[sub_resource type="AtlasTexture" id="AtlasTexture_xofi5"]
atlas = ExtResource("3_gfsoe")
region = Rect2(0, 640, 64, 64)

[sub_resource type="AtlasTexture" id="AtlasTexture_ehnsq"]
atlas = ExtResource("3_gfsoe")
region = Rect2(0, 576, 64, 64)

[sub_resource type="AtlasTexture" id="AtlasTexture_m6rn1"]
atlas = ExtResource("3_gfsoe")
region = Rect2(0, 704, 64, 64)

[sub_resource type="AtlasTexture" id="AtlasTexture_8ydpf"]
atlas = ExtResource("3_gfsoe")
region = Rect2(0, 512, 64, 64)

[sub_resource type="AtlasTexture" id="AtlasTexture_80wrw"]
atlas = ExtResource("3_gfsoe")
region = Rect2(0, 1152, 64, 64)

[sub_resource type="AtlasTexture" id="AtlasTexture_1p8if"]
atlas = ExtResource("3_gfsoe")
region = Rect2(64, 1152, 64, 64)

[sub_resource type="AtlasTexture" id="AtlasTexture_v7ehl"]
atlas = ExtResource("3_gfsoe")
region = Rect2(128, 1152, 64, 64)

[sub_resource type="AtlasTexture" id="AtlasTexture_5gkqt"]
atlas = ExtResource("3_gfsoe")
region = Rect2(192, 1152, 64, 64)

[sub_resource type="AtlasTexture" id="AtlasTexture_a03kq"]
atlas = ExtResource("3_gfsoe")
region = Rect2(256, 1152, 64, 64)

[sub_resource type="AtlasTexture" id="AtlasTexture_tqxvx"]
atlas = ExtResource("3_gfsoe")
region = Rect2(320, 1152, 64, 64)

[sub_resource type="AtlasTexture" id="AtlasTexture_d4xi5"]
atlas = ExtResource("3_gfsoe")
region = Rect2(384, 1152, 64, 64)

[sub_resource type="AtlasTexture" id="AtlasTexture_3s8kq"]
atlas = ExtResource("3_gfsoe")
region = Rect2(448, 1152, 64, 64)

[sub_resource type="AtlasTexture" id="AtlasTexture_ik823"]
atlas = ExtResource("3_gfsoe")
region = Rect2(512, 1152, 64, 64)

[sub_resource type="AtlasTexture" id="AtlasTexture_p3mtg"]
atlas = ExtResource("3_gfsoe")
region = Rect2(576, 1152, 64, 64)

[sub_resource type="AtlasTexture" id="AtlasTexture_evy35"]
atlas = ExtResource("3_gfsoe")
region = Rect2(640, 1152, 64, 64)

[sub_resource type="AtlasTexture" id="AtlasTexture_mpqwv"]
atlas = ExtResource("3_gfsoe")
region = Rect2(704, 1152, 64, 64)

[sub_resource type="AtlasTexture" id="AtlasTexture_oqvpo"]
atlas = ExtResource("3_gfsoe")
region = Rect2(768, 1152, 64, 64)

[sub_resource type="AtlasTexture" id="AtlasTexture_v2mjn"]
atlas = ExtResource("3_gfsoe")
region = Rect2(0, 1088, 64, 64)

[sub_resource type="AtlasTexture" id="AtlasTexture_1bld6"]
atlas = ExtResource("3_gfsoe")
region = Rect2(64, 1088, 64, 64)

[sub_resource type="AtlasTexture" id="AtlasTexture_dswcf"]
atlas = ExtResource("3_gfsoe")
region = Rect2(128, 1088, 64, 64)

[sub_resource type="AtlasTexture" id="AtlasTexture_iuqnq"]
atlas = ExtResource("3_gfsoe")
region = Rect2(192, 1088, 64, 64)

[sub_resource type="AtlasTexture" id="AtlasTexture_5a8ga"]
atlas = ExtResource("3_gfsoe")
region = Rect2(256, 1088, 64, 64)

[sub_resource type="AtlasTexture" id="AtlasTexture_2jkvd"]
atlas = ExtResource("3_gfsoe")
region = Rect2(320, 1088, 64, 64)

[sub_resource type="AtlasTexture" id="AtlasTexture_fmci4"]
atlas = ExtResource("3_gfsoe")
region = Rect2(384, 1088, 64, 64)

[sub_resource type="AtlasTexture" id="AtlasTexture_sqtp0"]
atlas = ExtResource("3_gfsoe")
region = Rect2(448, 1088, 64, 64)

[sub_resource type="AtlasTexture" id="AtlasTexture_yln3i"]
atlas = ExtResource("3_gfsoe")
region = Rect2(512, 1088, 64, 64)

[sub_resource type="AtlasTexture" id="AtlasTexture_cq16o"]
atlas = ExtResource("3_gfsoe")
region = Rect2(576, 1088, 64, 64)

[sub_resource type="AtlasTexture" id="AtlasTexture_pwmvu"]
atlas = ExtResource("3_gfsoe")
region = Rect2(640, 1088, 64, 64)

[sub_resource type="AtlasTexture" id="AtlasTexture_8uq1b"]
atlas = ExtResource("3_gfsoe")
region = Rect2(704, 1088, 64, 64)

[sub_resource type="AtlasTexture" id="AtlasTexture_w6ofi"]
atlas = ExtResource("3_gfsoe")
region = Rect2(768, 1088, 64, 64)

[sub_resource type="AtlasTexture" id="AtlasTexture_6k2ye"]
atlas = ExtResource("3_gfsoe")
region = Rect2(0, 1216, 64, 64)

[sub_resource type="AtlasTexture" id="AtlasTexture_02131"]
atlas = ExtResource("3_gfsoe")
region = Rect2(64, 1216, 64, 64)

[sub_resource type="AtlasTexture" id="AtlasTexture_ac35a"]
atlas = ExtResource("3_gfsoe")
region = Rect2(128, 1216, 64, 64)

[sub_resource type="AtlasTexture" id="AtlasTexture_4kbpx"]
atlas = ExtResource("3_gfsoe")
region = Rect2(192, 1216, 64, 64)

[sub_resource type="AtlasTexture" id="AtlasTexture_2ph3l"]
atlas = ExtResource("3_gfsoe")
region = Rect2(256, 1216, 64, 64)

[sub_resource type="AtlasTexture" id="AtlasTexture_l4lg1"]
atlas = ExtResource("3_gfsoe")
region = Rect2(320, 1216, 64, 64)

[sub_resource type="AtlasTexture" id="AtlasTexture_6yoqm"]
atlas = ExtResource("3_gfsoe")
region = Rect2(384, 1216, 64, 64)

[sub_resource type="AtlasTexture" id="AtlasTexture_cel8p"]
atlas = ExtResource("3_gfsoe")
region = Rect2(448, 1216, 64, 64)

[sub_resource type="AtlasTexture" id="AtlasTexture_o8adw"]
atlas = ExtResource("3_gfsoe")
region = Rect2(512, 1216, 64, 64)

[sub_resource type="AtlasTexture" id="AtlasTexture_ol0pb"]
atlas = ExtResource("3_gfsoe")
region = Rect2(576, 1216, 64, 64)

[sub_resource type="AtlasTexture" id="AtlasTexture_h8w7u"]
atlas = ExtResource("3_gfsoe")
region = Rect2(640, 1216, 64, 64)

[sub_resource type="AtlasTexture" id="AtlasTexture_pbulo"]
atlas = ExtResource("3_gfsoe")
region = Rect2(704, 1216, 64, 64)

[sub_resource type="AtlasTexture" id="AtlasTexture_68fqi"]
atlas = ExtResource("3_gfsoe")
region = Rect2(768, 1216, 64, 64)

[sub_resource type="AtlasTexture" id="AtlasTexture_ymfxj"]
atlas = ExtResource("3_gfsoe")
region = Rect2(0, 1024, 64, 64)

[sub_resource type="AtlasTexture" id="AtlasTexture_s4bpi"]
atlas = ExtResource("3_gfsoe")
region = Rect2(64, 1024, 64, 64)

[sub_resource type="AtlasTexture" id="AtlasTexture_ubq6i"]
atlas = ExtResource("3_gfsoe")
region = Rect2(128, 1024, 64, 64)

[sub_resource type="AtlasTexture" id="AtlasTexture_naaop"]
atlas = ExtResource("3_gfsoe")
region = Rect2(192, 1024, 64, 64)

[sub_resource type="AtlasTexture" id="AtlasTexture_v4smg"]
atlas = ExtResource("3_gfsoe")
region = Rect2(256, 1024, 64, 64)

[sub_resource type="AtlasTexture" id="AtlasTexture_sibyc"]
atlas = ExtResource("3_gfsoe")
region = Rect2(320, 1024, 64, 64)

[sub_resource type="AtlasTexture" id="AtlasTexture_2fxqy"]
atlas = ExtResource("3_gfsoe")
region = Rect2(384, 1024, 64, 64)

[sub_resource type="AtlasTexture" id="AtlasTexture_1pg3m"]
atlas = ExtResource("3_gfsoe")
region = Rect2(448, 1024, 64, 64)

[sub_resource type="AtlasTexture" id="AtlasTexture_5ngu2"]
atlas = ExtResource("3_gfsoe")
region = Rect2(512, 1024, 64, 64)

[sub_resource type="AtlasTexture" id="AtlasTexture_ckxq6"]
atlas = ExtResource("3_gfsoe")
region = Rect2(576, 1024, 64, 64)

[sub_resource type="AtlasTexture" id="AtlasTexture_kpmce"]
atlas = ExtResource("3_gfsoe")
region = Rect2(640, 1024, 64, 64)

[sub_resource type="AtlasTexture" id="AtlasTexture_margq"]
atlas = ExtResource("3_gfsoe")
region = Rect2(704, 1024, 64, 64)

[sub_resource type="AtlasTexture" id="AtlasTexture_r3knt"]
atlas = ExtResource("3_gfsoe")
region = Rect2(768, 1024, 64, 64)

[sub_resource type="AtlasTexture" id="AtlasTexture_iqfcs"]
atlas = ExtResource("3_gfsoe")
region = Rect2(0, 896, 64, 64)

[sub_resource type="AtlasTexture" id="AtlasTexture_ukw85"]
atlas = ExtResource("3_gfsoe")
region = Rect2(64, 896, 64, 64)

[sub_resource type="AtlasTexture" id="AtlasTexture_ivi2i"]
atlas = ExtResource("3_gfsoe")
region = Rect2(128, 896, 64, 64)

[sub_resource type="AtlasTexture" id="AtlasTexture_ajoba"]
atlas = ExtResource("3_gfsoe")
region = Rect2(192, 896, 64, 64)

[sub_resource type="AtlasTexture" id="AtlasTexture_4yxll"]
atlas = ExtResource("3_gfsoe")
region = Rect2(256, 896, 64, 64)

[sub_resource type="AtlasTexture" id="AtlasTexture_wi8xj"]
atlas = ExtResource("3_gfsoe")
region = Rect2(320, 896, 64, 64)

[sub_resource type="AtlasTexture" id="AtlasTexture_iguwo"]
atlas = ExtResource("3_gfsoe")
region = Rect2(0, 832, 64, 64)

[sub_resource type="AtlasTexture" id="AtlasTexture_vcx2m"]
atlas = ExtResource("3_gfsoe")
region = Rect2(64, 832, 64, 64)

[sub_resource type="AtlasTexture" id="AtlasTexture_ipgrd"]
atlas = ExtResource("3_gfsoe")
region = Rect2(128, 832, 64, 64)

[sub_resource type="AtlasTexture" id="AtlasTexture_m0fgp"]
atlas = ExtResource("3_gfsoe")
region = Rect2(192, 832, 64, 64)

[sub_resource type="AtlasTexture" id="AtlasTexture_q6l60"]
atlas = ExtResource("3_gfsoe")
region = Rect2(256, 832, 64, 64)

[sub_resource type="AtlasTexture" id="AtlasTexture_bh20w"]
atlas = ExtResource("3_gfsoe")
region = Rect2(320, 832, 64, 64)

[sub_resource type="AtlasTexture" id="AtlasTexture_aqcbn"]
atlas = ExtResource("3_gfsoe")
region = Rect2(320, 896, 64, 64)

[sub_resource type="AtlasTexture" id="AtlasTexture_s0jlt"]
atlas = ExtResource("3_gfsoe")
region = Rect2(256, 896, 64, 64)

[sub_resource type="AtlasTexture" id="AtlasTexture_yoeim"]
atlas = ExtResource("3_gfsoe")
region = Rect2(192, 896, 64, 64)

[sub_resource type="AtlasTexture" id="AtlasTexture_0usup"]
atlas = ExtResource("3_gfsoe")
region = Rect2(128, 896, 64, 64)

[sub_resource type="AtlasTexture" id="AtlasTexture_nd4n2"]
atlas = ExtResource("3_gfsoe")
region = Rect2(64, 896, 64, 64)

[sub_resource type="AtlasTexture" id="AtlasTexture_klyei"]
atlas = ExtResource("3_gfsoe")
region = Rect2(0, 896, 64, 64)

[sub_resource type="AtlasTexture" id="AtlasTexture_pa3ps"]
atlas = ExtResource("3_gfsoe")
region = Rect2(320, 832, 64, 64)

[sub_resource type="AtlasTexture" id="AtlasTexture_sxhxb"]
atlas = ExtResource("3_gfsoe")
region = Rect2(256, 832, 64, 64)

[sub_resource type="AtlasTexture" id="AtlasTexture_c7px5"]
atlas = ExtResource("3_gfsoe")
region = Rect2(192, 832, 64, 64)

[sub_resource type="AtlasTexture" id="AtlasTexture_ikrik"]
atlas = ExtResource("3_gfsoe")
region = Rect2(128, 832, 64, 64)

[sub_resource type="AtlasTexture" id="AtlasTexture_63v0m"]
atlas = ExtResource("3_gfsoe")
region = Rect2(64, 832, 64, 64)

[sub_resource type="AtlasTexture" id="AtlasTexture_5ljuh"]
atlas = ExtResource("3_gfsoe")
region = Rect2(0, 832, 64, 64)

[sub_resource type="AtlasTexture" id="AtlasTexture_gpptg"]
atlas = ExtResource("3_gfsoe")
region = Rect2(320, 960, 64, 64)

[sub_resource type="AtlasTexture" id="AtlasTexture_4kftf"]
atlas = ExtResource("3_gfsoe")
region = Rect2(256, 960, 64, 64)

[sub_resource type="AtlasTexture" id="AtlasTexture_n52dj"]
atlas = ExtResource("3_gfsoe")
region = Rect2(192, 960, 64, 64)

[sub_resource type="AtlasTexture" id="AtlasTexture_idg7u"]
atlas = ExtResource("3_gfsoe")
region = Rect2(128, 960, 64, 64)

[sub_resource type="AtlasTexture" id="AtlasTexture_s8bh4"]
atlas = ExtResource("3_gfsoe")
region = Rect2(64, 960, 64, 64)

[sub_resource type="AtlasTexture" id="AtlasTexture_7rxjl"]
atlas = ExtResource("3_gfsoe")
region = Rect2(0, 960, 64, 64)

[sub_resource type="AtlasTexture" id="AtlasTexture_bsa3p"]
atlas = ExtResource("3_gfsoe")
region = Rect2(320, 768, 64, 64)

[sub_resource type="AtlasTexture" id="AtlasTexture_cc6yy"]
atlas = ExtResource("3_gfsoe")
region = Rect2(256, 768, 64, 64)

[sub_resource type="AtlasTexture" id="AtlasTexture_hlah2"]
atlas = ExtResource("3_gfsoe")
region = Rect2(192, 768, 64, 64)

[sub_resource type="AtlasTexture" id="AtlasTexture_4jhy8"]
atlas = ExtResource("3_gfsoe")
region = Rect2(128, 768, 64, 64)

[sub_resource type="AtlasTexture" id="AtlasTexture_fqyoq"]
atlas = ExtResource("3_gfsoe")
region = Rect2(64, 768, 64, 64)

[sub_resource type="AtlasTexture" id="AtlasTexture_3y2h4"]
atlas = ExtResource("3_gfsoe")
region = Rect2(0, 768, 64, 64)

[sub_resource type="AtlasTexture" id="AtlasTexture_hckhb"]
atlas = ExtResource("3_gfsoe")
region = Rect2(0, 960, 64, 64)

[sub_resource type="AtlasTexture" id="AtlasTexture_e88hv"]
atlas = ExtResource("3_gfsoe")
region = Rect2(64, 960, 64, 64)

[sub_resource type="AtlasTexture" id="AtlasTexture_wku2b"]
atlas = ExtResource("3_gfsoe")
region = Rect2(128, 960, 64, 64)

[sub_resource type="AtlasTexture" id="AtlasTexture_m7dgc"]
atlas = ExtResource("3_gfsoe")
region = Rect2(192, 960, 64, 64)

[sub_resource type="AtlasTexture" id="AtlasTexture_xvtee"]
atlas = ExtResource("3_gfsoe")
region = Rect2(256, 960, 64, 64)

[sub_resource type="AtlasTexture" id="AtlasTexture_4gp6r"]
atlas = ExtResource("3_gfsoe")
region = Rect2(320, 960, 64, 64)

[sub_resource type="AtlasTexture" id="AtlasTexture_vhye7"]
atlas = ExtResource("3_gfsoe")
region = Rect2(0, 768, 64, 64)

[sub_resource type="AtlasTexture" id="AtlasTexture_y33fj"]
atlas = ExtResource("3_gfsoe")
region = Rect2(64, 768, 64, 64)

[sub_resource type="AtlasTexture" id="AtlasTexture_xusx7"]
atlas = ExtResource("3_gfsoe")
region = Rect2(128, 768, 64, 64)

[sub_resource type="AtlasTexture" id="AtlasTexture_ongos"]
atlas = ExtResource("3_gfsoe")
region = Rect2(192, 768, 64, 64)

[sub_resource type="AtlasTexture" id="AtlasTexture_2ngxr"]
atlas = ExtResource("3_gfsoe")
region = Rect2(256, 768, 64, 64)

[sub_resource type="AtlasTexture" id="AtlasTexture_f01ld"]
atlas = ExtResource("3_gfsoe")
region = Rect2(320, 768, 64, 64)

[sub_resource type="AtlasTexture" id="AtlasTexture_1byad"]
atlas = ExtResource("3_gfsoe")
region = Rect2(0, 384, 64, 64)

[sub_resource type="AtlasTexture" id="AtlasTexture_h4olv"]
atlas = ExtResource("3_gfsoe")
region = Rect2(64, 384, 64, 64)

[sub_resource type="AtlasTexture" id="AtlasTexture_3lnr5"]
atlas = ExtResource("3_gfsoe")
region = Rect2(128, 384, 64, 64)

[sub_resource type="AtlasTexture" id="AtlasTexture_va85x"]
atlas = ExtResource("3_gfsoe")
region = Rect2(192, 384, 64, 64)

[sub_resource type="AtlasTexture" id="AtlasTexture_3df2h"]
atlas = ExtResource("3_gfsoe")
region = Rect2(256, 384, 64, 64)

[sub_resource type="AtlasTexture" id="AtlasTexture_thg03"]
atlas = ExtResource("3_gfsoe")
region = Rect2(320, 384, 64, 64)

[sub_resource type="AtlasTexture" id="AtlasTexture_ajam2"]
atlas = ExtResource("3_gfsoe")
region = Rect2(384, 384, 64, 64)

[sub_resource type="AtlasTexture" id="AtlasTexture_h1p6n"]
atlas = ExtResource("3_gfsoe")
region = Rect2(448, 384, 64, 64)

[sub_resource type="AtlasTexture" id="AtlasTexture_obn51"]
atlas = ExtResource("3_gfsoe")
region = Rect2(0, 320, 64, 64)

[sub_resource type="AtlasTexture" id="AtlasTexture_0tktt"]
atlas = ExtResource("3_gfsoe")
region = Rect2(64, 320, 64, 64)

[sub_resource type="AtlasTexture" id="AtlasTexture_n2nnv"]
atlas = ExtResource("3_gfsoe")
region = Rect2(128, 320, 64, 64)

[sub_resource type="AtlasTexture" id="AtlasTexture_ps8ws"]
atlas = ExtResource("3_gfsoe")
region = Rect2(192, 320, 64, 64)

[sub_resource type="AtlasTexture" id="AtlasTexture_tah0k"]
atlas = ExtResource("3_gfsoe")
region = Rect2(256, 320, 64, 64)

[sub_resource type="AtlasTexture" id="AtlasTexture_eu2rh"]
atlas = ExtResource("3_gfsoe")
region = Rect2(320, 320, 64, 64)

[sub_resource type="AtlasTexture" id="AtlasTexture_qj463"]
atlas = ExtResource("3_gfsoe")
region = Rect2(384, 320, 64, 64)

[sub_resource type="AtlasTexture" id="AtlasTexture_ekrpx"]
atlas = ExtResource("3_gfsoe")
region = Rect2(448, 320, 64, 64)

[sub_resource type="AtlasTexture" id="AtlasTexture_1ijb6"]
atlas = ExtResource("3_gfsoe")
region = Rect2(0, 448, 64, 64)

[sub_resource type="AtlasTexture" id="AtlasTexture_poy6a"]
atlas = ExtResource("3_gfsoe")
region = Rect2(64, 448, 64, 64)

[sub_resource type="AtlasTexture" id="AtlasTexture_qpwfj"]
atlas = ExtResource("3_gfsoe")
region = Rect2(128, 448, 64, 64)

[sub_resource type="AtlasTexture" id="AtlasTexture_xtskj"]
atlas = ExtResource("3_gfsoe")
region = Rect2(192, 448, 64, 64)

[sub_resource type="AtlasTexture" id="AtlasTexture_10f4t"]
atlas = ExtResource("3_gfsoe")
region = Rect2(256, 448, 64, 64)

[sub_resource type="AtlasTexture" id="AtlasTexture_ni0gv"]
atlas = ExtResource("3_gfsoe")
region = Rect2(320, 448, 64, 64)

[sub_resource type="AtlasTexture" id="AtlasTexture_iouyj"]
atlas = ExtResource("3_gfsoe")
region = Rect2(384, 448, 64, 64)

[sub_resource type="AtlasTexture" id="AtlasTexture_ihpqp"]
atlas = ExtResource("3_gfsoe")
region = Rect2(448, 448, 64, 64)

[sub_resource type="AtlasTexture" id="AtlasTexture_qaadf"]
atlas = ExtResource("3_gfsoe")
region = Rect2(0, 256, 64, 64)

[sub_resource type="AtlasTexture" id="AtlasTexture_smvar"]
atlas = ExtResource("3_gfsoe")
region = Rect2(64, 256, 64, 64)

[sub_resource type="AtlasTexture" id="AtlasTexture_qnnfc"]
atlas = ExtResource("3_gfsoe")
region = Rect2(128, 256, 64, 64)

[sub_resource type="AtlasTexture" id="AtlasTexture_o8xyf"]
atlas = ExtResource("3_gfsoe")
region = Rect2(192, 256, 64, 64)

[sub_resource type="AtlasTexture" id="AtlasTexture_3qgg0"]
atlas = ExtResource("3_gfsoe")
region = Rect2(256, 256, 64, 64)

[sub_resource type="AtlasTexture" id="AtlasTexture_mu7nd"]
atlas = ExtResource("3_gfsoe")
region = Rect2(320, 256, 64, 64)

[sub_resource type="AtlasTexture" id="AtlasTexture_8tptd"]
atlas = ExtResource("3_gfsoe")
region = Rect2(384, 256, 64, 64)

[sub_resource type="AtlasTexture" id="AtlasTexture_y7065"]
atlas = ExtResource("3_gfsoe")
region = Rect2(448, 256, 64, 64)

[sub_resource type="AtlasTexture" id="AtlasTexture_dc5l3"]
atlas = ExtResource("3_gfsoe")
region = Rect2(64, 640, 64, 64)

[sub_resource type="AtlasTexture" id="AtlasTexture_rr4ll"]
atlas = ExtResource("3_gfsoe")
region = Rect2(128, 640, 64, 64)

[sub_resource type="AtlasTexture" id="AtlasTexture_7r25u"]
atlas = ExtResource("3_gfsoe")
region = Rect2(192, 640, 64, 64)

[sub_resource type="AtlasTexture" id="AtlasTexture_rkd3w"]
atlas = ExtResource("3_gfsoe")
region = Rect2(256, 640, 64, 64)

[sub_resource type="AtlasTexture" id="AtlasTexture_w545a"]
atlas = ExtResource("3_gfsoe")
region = Rect2(320, 640, 64, 64)

[sub_resource type="AtlasTexture" id="AtlasTexture_xvwg8"]
atlas = ExtResource("3_gfsoe")
region = Rect2(384, 640, 64, 64)

[sub_resource type="AtlasTexture" id="AtlasTexture_6jkey"]
atlas = ExtResource("3_gfsoe")
region = Rect2(448, 640, 64, 64)

[sub_resource type="AtlasTexture" id="AtlasTexture_2c8w0"]
atlas = ExtResource("3_gfsoe")
region = Rect2(512, 640, 64, 64)

[sub_resource type="AtlasTexture" id="AtlasTexture_pwfl7"]
atlas = ExtResource("3_gfsoe")
region = Rect2(64, 576, 64, 64)

[sub_resource type="AtlasTexture" id="AtlasTexture_0pa3t"]
atlas = ExtResource("3_gfsoe")
region = Rect2(128, 576, 64, 64)

[sub_resource type="AtlasTexture" id="AtlasTexture_2xx1t"]
atlas = ExtResource("3_gfsoe")
region = Rect2(192, 576, 64, 64)

[sub_resource type="AtlasTexture" id="AtlasTexture_bjgpx"]
atlas = ExtResource("3_gfsoe")
region = Rect2(256, 576, 64, 64)

[sub_resource type="AtlasTexture" id="AtlasTexture_0i2vn"]
atlas = ExtResource("3_gfsoe")
region = Rect2(320, 576, 64, 64)

[sub_resource type="AtlasTexture" id="AtlasTexture_4qdvq"]
atlas = ExtResource("3_gfsoe")
region = Rect2(384, 576, 64, 64)

[sub_resource type="AtlasTexture" id="AtlasTexture_yks5f"]
atlas = ExtResource("3_gfsoe")
region = Rect2(448, 576, 64, 64)

[sub_resource type="AtlasTexture" id="AtlasTexture_1y5kn"]
atlas = ExtResource("3_gfsoe")
region = Rect2(512, 576, 64, 64)

[sub_resource type="AtlasTexture" id="AtlasTexture_6437w"]
atlas = ExtResource("3_gfsoe")
region = Rect2(64, 704, 64, 64)

[sub_resource type="AtlasTexture" id="AtlasTexture_6w4b6"]
atlas = ExtResource("3_gfsoe")
region = Rect2(128, 704, 64, 64)

[sub_resource type="AtlasTexture" id="AtlasTexture_voe8f"]
atlas = ExtResource("3_gfsoe")
region = Rect2(192, 704, 64, 64)

[sub_resource type="AtlasTexture" id="AtlasTexture_8ja7e"]
atlas = ExtResource("3_gfsoe")
region = Rect2(256, 704, 64, 64)

[sub_resource type="AtlasTexture" id="AtlasTexture_l31f7"]
atlas = ExtResource("3_gfsoe")
region = Rect2(320, 704, 64, 64)

[sub_resource type="AtlasTexture" id="AtlasTexture_2xoej"]
atlas = ExtResource("3_gfsoe")
region = Rect2(384, 704, 64, 64)

[sub_resource type="AtlasTexture" id="AtlasTexture_liqt8"]
atlas = ExtResource("3_gfsoe")
region = Rect2(448, 704, 64, 64)

[sub_resource type="AtlasTexture" id="AtlasTexture_ju0k4"]
atlas = ExtResource("3_gfsoe")
region = Rect2(512, 704, 64, 64)

[sub_resource type="AtlasTexture" id="AtlasTexture_dvlrs"]
atlas = ExtResource("3_gfsoe")
region = Rect2(64, 512, 64, 64)

[sub_resource type="AtlasTexture" id="AtlasTexture_a3fpm"]
atlas = ExtResource("3_gfsoe")
region = Rect2(128, 512, 64, 64)

[sub_resource type="AtlasTexture" id="AtlasTexture_7ikd4"]
atlas = ExtResource("3_gfsoe")
region = Rect2(192, 512, 64, 64)

[sub_resource type="AtlasTexture" id="AtlasTexture_4tiuf"]
atlas = ExtResource("3_gfsoe")
region = Rect2(256, 512, 64, 64)

[sub_resource type="AtlasTexture" id="AtlasTexture_kl54u"]
atlas = ExtResource("3_gfsoe")
region = Rect2(320, 512, 64, 64)

[sub_resource type="AtlasTexture" id="AtlasTexture_3pbmx"]
atlas = ExtResource("3_gfsoe")
region = Rect2(384, 512, 64, 64)

[sub_resource type="AtlasTexture" id="AtlasTexture_d7lj2"]
atlas = ExtResource("3_gfsoe")
region = Rect2(448, 512, 64, 64)

[sub_resource type="AtlasTexture" id="AtlasTexture_esvd8"]
atlas = ExtResource("3_gfsoe")
region = Rect2(512, 512, 64, 64)

[sub_resource type="AtlasTexture" id="AtlasTexture_l8v8o"]
atlas = ExtResource("3_gfsoe")
region = Rect2(0, 896, 64, 64)

[sub_resource type="AtlasTexture" id="AtlasTexture_qs8l1"]
atlas = ExtResource("3_gfsoe")
region = Rect2(64, 896, 64, 64)

[sub_resource type="AtlasTexture" id="AtlasTexture_1tmbv"]
atlas = ExtResource("3_gfsoe")
region = Rect2(128, 896, 64, 64)

[sub_resource type="AtlasTexture" id="AtlasTexture_reguu"]
atlas = ExtResource("3_gfsoe")
region = Rect2(192, 896, 64, 64)

[sub_resource type="AtlasTexture" id="AtlasTexture_7mmxv"]
atlas = ExtResource("3_gfsoe")
region = Rect2(256, 896, 64, 64)

[sub_resource type="AtlasTexture" id="AtlasTexture_3m3mg"]
atlas = ExtResource("3_gfsoe")
region = Rect2(320, 896, 64, 64)

[sub_resource type="AtlasTexture" id="AtlasTexture_sjx3d"]
atlas = ExtResource("3_gfsoe")
region = Rect2(0, 832, 64, 64)

[sub_resource type="AtlasTexture" id="AtlasTexture_2gxf3"]
atlas = ExtResource("3_gfsoe")
region = Rect2(64, 832, 64, 64)

[sub_resource type="AtlasTexture" id="AtlasTexture_5ok0q"]
atlas = ExtResource("3_gfsoe")
region = Rect2(128, 832, 64, 64)

[sub_resource type="AtlasTexture" id="AtlasTexture_ujjyl"]
atlas = ExtResource("3_gfsoe")
region = Rect2(192, 832, 64, 64)

[sub_resource type="AtlasTexture" id="AtlasTexture_dqsdi"]
atlas = ExtResource("3_gfsoe")
region = Rect2(256, 832, 64, 64)

[sub_resource type="AtlasTexture" id="AtlasTexture_1wjvo"]
atlas = ExtResource("3_gfsoe")
region = Rect2(320, 832, 64, 64)

[sub_resource type="AtlasTexture" id="AtlasTexture_1oijd"]
atlas = ExtResource("3_gfsoe")
region = Rect2(0, 960, 64, 64)

[sub_resource type="AtlasTexture" id="AtlasTexture_fjo6v"]
atlas = ExtResource("3_gfsoe")
region = Rect2(64, 960, 64, 64)

[sub_resource type="AtlasTexture" id="AtlasTexture_2drgx"]
atlas = ExtResource("3_gfsoe")
region = Rect2(128, 960, 64, 64)

[sub_resource type="AtlasTexture" id="AtlasTexture_tplhg"]
atlas = ExtResource("3_gfsoe")
region = Rect2(192, 960, 64, 64)

[sub_resource type="AtlasTexture" id="AtlasTexture_8dt7d"]
atlas = ExtResource("3_gfsoe")
region = Rect2(256, 960, 64, 64)

[sub_resource type="AtlasTexture" id="AtlasTexture_8thuh"]
atlas = ExtResource("3_gfsoe")
region = Rect2(320, 960, 64, 64)

[sub_resource type="AtlasTexture" id="AtlasTexture_pgjx1"]
atlas = ExtResource("3_gfsoe")
region = Rect2(0, 768, 64, 64)

[sub_resource type="AtlasTexture" id="AtlasTexture_08ypl"]
atlas = ExtResource("3_gfsoe")
region = Rect2(64, 768, 64, 64)

[sub_resource type="AtlasTexture" id="AtlasTexture_fppyw"]
atlas = ExtResource("3_gfsoe")
region = Rect2(128, 768, 64, 64)

[sub_resource type="AtlasTexture" id="AtlasTexture_f56mr"]
atlas = ExtResource("3_gfsoe")
region = Rect2(192, 768, 64, 64)

[sub_resource type="AtlasTexture" id="AtlasTexture_5r7t6"]
atlas = ExtResource("3_gfsoe")
region = Rect2(256, 768, 64, 64)

[sub_resource type="AtlasTexture" id="AtlasTexture_fc077"]
atlas = ExtResource("3_gfsoe")
region = Rect2(320, 768, 64, 64)

[sub_resource type="SpriteFrames" id="SpriteFrames_yvkuw"]
animations = [{
"frames": [{
"duration": 0.5,
"texture": SubResource("AtlasTexture_yabqt")
}, {
"duration": 0.5,
"texture": SubResource("AtlasTexture_0lf2g")
}, {
"duration": 0.5,
"texture": SubResource("AtlasTexture_w0mma")
}, {
"duration": 0.5,
"texture": SubResource("AtlasTexture_72fem")
}, {
"duration": 0.5,
"texture": SubResource("AtlasTexture_pqtic")
}, {
"duration": 0.5,
"texture": SubResource("AtlasTexture_s5rpx")
}, {
"duration": 0.5,
"texture": SubResource("AtlasTexture_1ogtw")
}],
"loop": false,
"name": &"CAST_DOWN",
"speed": 5.0
}, {
"frames": [{
"duration": 0.5,
"texture": SubResource("AtlasTexture_770rs")
}, {
"duration": 0.5,
"texture": SubResource("AtlasTexture_sigh2")
}, {
"duration": 0.5,
"texture": SubResource("AtlasTexture_68vlu")
}, {
"duration": 0.5,
"texture": SubResource("AtlasTexture_vwr8p")
}, {
"duration": 0.5,
"texture": SubResource("AtlasTexture_8a5mm")
}, {
"duration": 0.5,
"texture": SubResource("AtlasTexture_bi7fd")
}, {
"duration": 0.5,
"texture": SubResource("AtlasTexture_cui8y")
}],
"loop": false,
"name": &"CAST_LEFT",
"speed": 5.0
}, {
"frames": [{
"duration": 0.5,
"texture": SubResource("AtlasTexture_rlysn")
}, {
"duration": 0.5,
"texture": SubResource("AtlasTexture_wmhxw")
}, {
"duration": 0.5,
"texture": SubResource("AtlasTexture_kk8nb")
}, {
"duration": 0.5,
"texture": SubResource("AtlasTexture_25lh3")
}, {
"duration": 0.5,
"texture": SubResource("AtlasTexture_5r7ry")
}, {
"duration": 0.5,
"texture": SubResource("AtlasTexture_67ewc")
}, {
"duration": 0.5,
"texture": SubResource("AtlasTexture_tv2re")
}],
"loop": false,
"name": &"CAST_RIGHT",
"speed": 5.0
}, {
"frames": [{
"duration": 0.5,
"texture": SubResource("AtlasTexture_v5um7")
}, {
"duration": 0.5,
"texture": SubResource("AtlasTexture_ic26t")
}, {
"duration": 0.5,
"texture": SubResource("AtlasTexture_kdq01")
}, {
"duration": 0.5,
"texture": SubResource("AtlasTexture_fipog")
}, {
"duration": 0.5,
"texture": SubResource("AtlasTexture_bhilk")
}, {
"duration": 0.5,
"texture": SubResource("AtlasTexture_40v6y")
}, {
"duration": 0.5,
"texture": SubResource("AtlasTexture_uqpmi")
}],
"loop": false,
"name": &"CAST_UP",
"speed": 5.0
}, {
"frames": [{
"duration": 0.5,
"texture": SubResource("AtlasTexture_j3t6h")
}, {
"duration": 0.5,
"texture": SubResource("AtlasTexture_tg5et")
}, {
"duration": 0.5,
"texture": SubResource("AtlasTexture_063j1")
}, {
"duration": 0.5,
"texture": SubResource("AtlasTexture_sn44b")
}, {
"duration": 0.5,
"texture": SubResource("AtlasTexture_xq60v")
}, {
"duration": 0.5,
"texture": SubResource("AtlasTexture_dracx")
}],
"loop": false,
"name": &"HURT_DOWN",
"speed": 5.0
}, {
"frames": [{
"duration": 0.5,
"texture": SubResource("AtlasTexture_tgvl4")
}],
"loop": false,
"name": &"HURT_DOWN_LAST",
"speed": 5.0
}, {
"frames": [{
"duration": 0.5,
"texture": SubResource("AtlasTexture_xofi5")
}],
"loop": false,
"name": &"IDLE_DOWN",
"speed": 5.0
}, {
"frames": [{
"duration": 0.5,
"texture": SubResource("AtlasTexture_ehnsq")
}],
"loop": false,
"name": &"IDLE_LEFT",
"speed": 5.0
}, {
"frames": [{
"duration": 0.5,
"texture": SubResource("AtlasTexture_m6rn1")
}],
"loop": false,
"name": &"IDLE_RIGHT",
"speed": 5.0
}, {
"frames": [{
"duration": 0.5,
"texture": SubResource("AtlasTexture_8ydpf")
}],
"loop": false,
"name": &"IDLE_UP",
"speed": 5.0
}, {
"frames": [{
"duration": 0.5,
"texture": SubResource("AtlasTexture_80wrw")
}, {
"duration": 0.5,
"texture": SubResource("AtlasTexture_1p8if")
}, {
"duration": 0.5,
"texture": SubResource("AtlasTexture_v7ehl")
}, {
"duration": 0.5,
"texture": SubResource("AtlasTexture_5gkqt")
}, {
"duration": 0.5,
"texture": SubResource("AtlasTexture_a03kq")
}, {
"duration": 0.5,
"texture": SubResource("AtlasTexture_tqxvx")
}, {
"duration": 0.5,
"texture": SubResource("AtlasTexture_d4xi5")
}, {
"duration": 0.5,
"texture": SubResource("AtlasTexture_3s8kq")
}, {
"duration": 0.5,
"texture": SubResource("AtlasTexture_ik823")
}, {
"duration": 0.5,
"texture": SubResource("AtlasTexture_p3mtg")
}, {
"duration": 0.5,
"texture": SubResource("AtlasTexture_evy35")
}, {
"duration": 0.5,
"texture": SubResource("AtlasTexture_mpqwv")
}, {
"duration": 0.5,
"texture": SubResource("AtlasTexture_oqvpo")
}],
"loop": false,
"name": &"SHOOT_DOWN",
"speed": 5.0
}, {
"frames": [{
"duration": 0.5,
"texture": SubResource("AtlasTexture_v2mjn")
}, {
"duration": 0.5,
"texture": SubResource("AtlasTexture_1bld6")
}, {
"duration": 0.5,
"texture": SubResource("AtlasTexture_dswcf")
}, {
"duration": 0.5,
"texture": SubResource("AtlasTexture_iuqnq")
}, {
"duration": 0.5,
"texture": SubResource("AtlasTexture_5a8ga")
}, {
"duration": 0.5,
"texture": SubResource("AtlasTexture_2jkvd")
}, {
"duration": 0.5,
"texture": SubResource("AtlasTexture_fmci4")
}, {
"duration": 0.5,
"texture": SubResource("AtlasTexture_sqtp0")
}, {
"duration": 0.5,
"texture": SubResource("AtlasTexture_yln3i")
}, {
"duration": 0.5,
"texture": SubResource("AtlasTexture_cq16o")
}, {
"duration": 0.5,
"texture": SubResource("AtlasTexture_pwmvu")
}, {
"duration": 0.5,
"texture": SubResource("AtlasTexture_8uq1b")
}, {
"duration": 0.5,
"texture": SubResource("AtlasTexture_w6ofi")
}],
"loop": false,
"name": &"SHOOT_LEFT",
"speed": 5.0
}, {
"frames": [{
"duration": 0.5,
"texture": SubResource("AtlasTexture_6k2ye")
}, {
"duration": 0.5,
"texture": SubResource("AtlasTexture_02131")
}, {
"duration": 0.5,
"texture": SubResource("AtlasTexture_ac35a")
}, {
"duration": 0.5,
"texture": SubResource("AtlasTexture_4kbpx")
}, {
"duration": 0.5,
"texture": SubResource("AtlasTexture_2ph3l")
}, {
"duration": 0.5,
"texture": SubResource("AtlasTexture_l4lg1")
}, {
"duration": 0.5,
"texture": SubResource("AtlasTexture_6yoqm")
}, {
"duration": 0.5,
"texture": SubResource("AtlasTexture_cel8p")
}, {
"duration": 0.5,
"texture": SubResource("AtlasTexture_o8adw")
}, {
"duration": 0.5,
"texture": SubResource("AtlasTexture_ol0pb")
}, {
"duration": 0.5,
"texture": SubResource("AtlasTexture_h8w7u")
}, {
"duration": 0.5,
"texture": SubResource("AtlasTexture_pbulo")
}, {
"duration": 0.5,
"texture": SubResource("AtlasTexture_68fqi")
}],
"loop": false,
"name": &"SHOOT_RIGHT",
"speed": 5.0
}, {
"frames": [{
"duration": 0.5,
"texture": SubResource("AtlasTexture_ymfxj")
}, {
"duration": 0.5,
"texture": SubResource("AtlasTexture_s4bpi")
}, {
"duration": 0.5,
"texture": SubResource("AtlasTexture_ubq6i")
}, {
"duration": 0.5,
"texture": SubResource("AtlasTexture_naaop")
}, {
"duration": 0.5,
"texture": SubResource("AtlasTexture_v4smg")
}, {
"duration": 0.5,
"texture": SubResource("AtlasTexture_sibyc")
}, {
"duration": 0.5,
"texture": SubResource("AtlasTexture_2fxqy")
}, {
"duration": 0.5,
"texture": SubResource("AtlasTexture_1pg3m")
}, {
"duration": 0.5,
"texture": SubResource("AtlasTexture_5ngu2")
}, {
"duration": 0.5,
"texture": SubResource("AtlasTexture_ckxq6")
}, {
"duration": 0.5,
"texture": SubResource("AtlasTexture_kpmce")
}, {
"duration": 0.5,
"texture": SubResource("AtlasTexture_margq")
}, {
"duration": 0.5,
"texture": SubResource("AtlasTexture_r3knt")
}],
"loop": false,
"name": &"SHOOT_UP",
"speed": 5.0
}, {
"frames": [{
"duration": 0.5,
"texture": SubResource("AtlasTexture_iqfcs")
}, {
"duration": 0.5,
"texture": SubResource("AtlasTexture_ukw85")
}, {
"duration": 0.5,
"texture": SubResource("AtlasTexture_ivi2i")
}, {
"duration": 0.5,
"texture": SubResource("AtlasTexture_ajoba")
}, {
"duration": 0.5,
"texture": SubResource("AtlasTexture_4yxll")
}, {
"duration": 0.5,
"texture": SubResource("AtlasTexture_wi8xj")
}],
"loop": false,
"name": &"SLASH_DOWN",
"speed": 5.0
}, {
"frames": [{
"duration": 0.5,
"texture": SubResource("AtlasTexture_iguwo")
}, {
"duration": 0.5,
"texture": SubResource("AtlasTexture_vcx2m")
}, {
"duration": 0.5,
"texture": SubResource("AtlasTexture_ipgrd")
}, {
"duration": 0.5,
"texture": SubResource("AtlasTexture_m0fgp")
}, {
"duration": 0.5,
"texture": SubResource("AtlasTexture_q6l60")
}, {
"duration": 0.5,
"texture": SubResource("AtlasTexture_bh20w")
}],
"loop": false,
"name": &"SLASH_LEFT",
"speed": 5.0
}, {
"frames": [{
"duration": 0.5,
"texture": SubResource("AtlasTexture_aqcbn")
}, {
"duration": 0.5,
"texture": SubResource("AtlasTexture_s0jlt")
}, {
"duration": 0.5,
"texture": SubResource("AtlasTexture_yoeim")
}, {
"duration": 0.5,
"texture": SubResource("AtlasTexture_0usup")
}, {
"duration": 0.5,
"texture": SubResource("AtlasTexture_nd4n2")
}, {
"duration": 0.5,
"texture": SubResource("AtlasTexture_klyei")
}],
"loop": false,
"name": &"SLASH_REVERSE_DOWN",
"speed": 5.0
}, {
"frames": [{
"duration": 0.5,
"texture": SubResource("AtlasTexture_pa3ps")
}, {
"duration": 0.5,
"texture": SubResource("AtlasTexture_sxhxb")
}, {
"duration": 0.5,
"texture": SubResource("AtlasTexture_c7px5")
}, {
"duration": 0.5,
"texture": SubResource("AtlasTexture_ikrik")
}, {
"duration": 0.5,
"texture": SubResource("AtlasTexture_63v0m")
}, {
"duration": 0.5,
"texture": SubResource("AtlasTexture_5ljuh")
}],
"loop": false,
"name": &"SLASH_REVERSE_LEFT",
"speed": 5.0
}, {
"frames": [{
"duration": 0.5,
"texture": SubResource("AtlasTexture_gpptg")
}, {
"duration": 0.5,
"texture": SubResource("AtlasTexture_4kftf")
}, {
"duration": 0.5,
"texture": SubResource("AtlasTexture_n52dj")
}, {
"duration": 0.5,
"texture": SubResource("AtlasTexture_idg7u")
}, {
"duration": 0.5,
"texture": SubResource("AtlasTexture_s8bh4")
}, {
"duration": 0.5,
"texture": SubResource("AtlasTexture_7rxjl")
}],
"loop": false,
"name": &"SLASH_REVERSE_RIGHT",
"speed": 5.0
}, {
"frames": [{
"duration": 0.5,
"texture": SubResource("AtlasTexture_bsa3p")
}, {
"duration": 0.5,
"texture": SubResource("AtlasTexture_cc6yy")
}, {
"duration": 0.5,
"texture": SubResource("AtlasTexture_hlah2")
}, {
"duration": 0.5,
"texture": SubResource("AtlasTexture_4jhy8")
}, {
"duration": 0.5,
"texture": SubResource("AtlasTexture_fqyoq")
}, {
"duration": 0.5,
"texture": SubResource("AtlasTexture_3y2h4")
}],
"loop": false,
"name": &"SLASH_REVERSE_UP",
"speed": 5.0
}, {
"frames": [{
"duration": 0.5,
"texture": SubResource("AtlasTexture_hckhb")
}, {
"duration": 0.5,
"texture": SubResource("AtlasTexture_e88hv")
}, {
"duration": 0.5,
"texture": SubResource("AtlasTexture_wku2b")
}, {
"duration": 0.5,
"texture": SubResource("AtlasTexture_m7dgc")
}, {
"duration": 0.5,
"texture": SubResource("AtlasTexture_xvtee")
}, {
"duration": 0.5,
"texture": SubResource("AtlasTexture_4gp6r")
}],
"loop": false,
"name": &"SLASH_RIGHT",
"speed": 5.0
}, {
"frames": [{
"duration": 0.5,
"texture": SubResource("AtlasTexture_vhye7")
}, {
"duration": 0.5,
"texture": SubResource("AtlasTexture_y33fj")
}, {
"duration": 0.5,
"texture": SubResource("AtlasTexture_xusx7")
}, {
"duration": 0.5,
"texture": SubResource("AtlasTexture_ongos")
}, {
"duration": 0.5,
"texture": SubResource("AtlasTexture_2ngxr")
}, {
"duration": 0.5,
"texture": SubResource("AtlasTexture_f01ld")
}],
"loop": false,
"name": &"SLASH_UP",
"speed": 5.0
}, {
"frames": [{
"duration": 0.5,
"texture": SubResource("AtlasTexture_1byad")
}, {
"duration": 0.5,
"texture": SubResource("AtlasTexture_h4olv")
}, {
"duration": 0.5,
"texture": SubResource("AtlasTexture_3lnr5")
}, {
"duration": 0.5,
"texture": SubResource("AtlasTexture_va85x")
}, {
"duration": 0.5,
"texture": SubResource("AtlasTexture_3df2h")
}, {
"duration": 0.5,
"texture": SubResource("AtlasTexture_thg03")
}, {
"duration": 0.5,
"texture": SubResource("AtlasTexture_ajam2")
}, {
"duration": 0.5,
"texture": SubResource("AtlasTexture_h1p6n")
}],
"loop": false,
"name": &"THRUST_DOWN",
"speed": 5.0
}, {
"frames": [{
"duration": 0.5,
"texture": SubResource("AtlasTexture_obn51")
}, {
"duration": 0.5,
"texture": SubResource("AtlasTexture_0tktt")
}, {
"duration": 0.5,
"texture": SubResource("AtlasTexture_n2nnv")
}, {
"duration": 0.5,
"texture": SubResource("AtlasTexture_ps8ws")
}, {
"duration": 0.5,
"texture": SubResource("AtlasTexture_tah0k")
}, {
"duration": 0.5,
"texture": SubResource("AtlasTexture_eu2rh")
}, {
"duration": 0.5,
"texture": SubResource("AtlasTexture_qj463")
}, {
"duration": 0.5,
"texture": SubResource("AtlasTexture_ekrpx")
}],
"loop": false,
"name": &"THRUST_LEFT",
"speed": 5.0
}, {
"frames": [{
"duration": 0.5,
"texture": SubResource("AtlasTexture_1ijb6")
}, {
"duration": 0.5,
"texture": SubResource("AtlasTexture_poy6a")
}, {
"duration": 0.5,
"texture": SubResource("AtlasTexture_qpwfj")
}, {
"duration": 0.5,
"texture": SubResource("AtlasTexture_xtskj")
}, {
"duration": 0.5,
"texture": SubResource("AtlasTexture_10f4t")
}, {
"duration": 0.5,
"texture": SubResource("AtlasTexture_ni0gv")
}, {
"duration": 0.5,
"texture": SubResource("AtlasTexture_iouyj")
}, {
"duration": 0.5,
"texture": SubResource("AtlasTexture_ihpqp")
}],
"loop": false,
"name": &"THRUST_RIGHT",
"speed": 5.0
}, {
"frames": [{
"duration": 0.5,
"texture": SubResource("AtlasTexture_qaadf")
}, {
"duration": 0.5,
"texture": SubResource("AtlasTexture_smvar")
}, {
"duration": 0.5,
"texture": SubResource("AtlasTexture_qnnfc")
}, {
"duration": 0.5,
"texture": SubResource("AtlasTexture_o8xyf")
}, {
"duration": 0.5,
"texture": SubResource("AtlasTexture_3qgg0")
}, {
"duration": 0.5,
"texture": SubResource("AtlasTexture_mu7nd")
}, {
"duration": 0.5,
"texture": SubResource("AtlasTexture_8tptd")
}, {
"duration": 0.5,
"texture": SubResource("AtlasTexture_y7065")
}],
"loop": false,
"name": &"THRUST_UP",
"speed": 5.0
}, {
"frames": [{
"duration": 0.5,
"texture": SubResource("AtlasTexture_dc5l3")
}, {
"duration": 0.5,
"texture": SubResource("AtlasTexture_rr4ll")
}, {
"duration": 0.5,
"texture": SubResource("AtlasTexture_7r25u")
}, {
"duration": 0.5,
"texture": SubResource("AtlasTexture_rkd3w")
}, {
"duration": 0.5,
"texture": SubResource("AtlasTexture_w545a")
}, {
"duration": 0.5,
"texture": SubResource("AtlasTexture_xvwg8")
}, {
"duration": 0.5,
"texture": SubResource("AtlasTexture_6jkey")
}, {
"duration": 0.5,
"texture": SubResource("AtlasTexture_2c8w0")
}],
"loop": true,
"name": &"WALK_DOWN",
"speed": 5.0
}, {
"frames": [{
"duration": 0.5,
"texture": SubResource("AtlasTexture_pwfl7")
}, {
"duration": 0.5,
"texture": SubResource("AtlasTexture_0pa3t")
}, {
"duration": 0.5,
"texture": SubResource("AtlasTexture_2xx1t")
}, {
"duration": 0.5,
"texture": SubResource("AtlasTexture_bjgpx")
}, {
"duration": 0.5,
"texture": SubResource("AtlasTexture_0i2vn")
}, {
"duration": 0.5,
"texture": SubResource("AtlasTexture_4qdvq")
}, {
"duration": 0.5,
"texture": SubResource("AtlasTexture_yks5f")
}, {
"duration": 0.5,
"texture": SubResource("AtlasTexture_1y5kn")
}],
"loop": true,
"name": &"WALK_LEFT",
"speed": 5.0
}, {
"frames": [{
"duration": 0.5,
"texture": SubResource("AtlasTexture_6437w")
}, {
"duration": 0.5,
"texture": SubResource("AtlasTexture_6w4b6")
}, {
"duration": 0.5,
"texture": SubResource("AtlasTexture_voe8f")
}, {
"duration": 0.5,
"texture": SubResource("AtlasTexture_8ja7e")
}, {
"duration": 0.5,
"texture": SubResource("AtlasTexture_l31f7")
}, {
"duration": 0.5,
"texture": SubResource("AtlasTexture_2xoej")
}, {
"duration": 0.5,
"texture": SubResource("AtlasTexture_liqt8")
}, {
"duration": 0.5,
"texture": SubResource("AtlasTexture_ju0k4")
}],
"loop": true,
"name": &"WALK_RIGHT",
"speed": 5.0
}, {
"frames": [{
"duration": 0.5,
"texture": SubResource("AtlasTexture_dvlrs")
}, {
"duration": 0.5,
"texture": SubResource("AtlasTexture_a3fpm")
}, {
"duration": 0.5,
"texture": SubResource("AtlasTexture_7ikd4")
}, {
"duration": 0.5,
"texture": SubResource("AtlasTexture_4tiuf")
}, {
"duration": 0.5,
"texture": SubResource("AtlasTexture_kl54u")
}, {
"duration": 0.5,
"texture": SubResource("AtlasTexture_3pbmx")
}, {
"duration": 0.5,
"texture": SubResource("AtlasTexture_d7lj2")
}, {
"duration": 0.5,
"texture": SubResource("AtlasTexture_esvd8")
}],
"loop": true,
"name": &"WALK_UP",
"speed": 5.0
}, {
"frames": [{
"duration": 0.5,
"texture": SubResource("AtlasTexture_l8v8o")
}, {
"duration": 0.5,
"texture": SubResource("AtlasTexture_qs8l1")
}, {
"duration": 0.5,
"texture": SubResource("AtlasTexture_1tmbv")
}, {
"duration": 0.5,
"texture": SubResource("AtlasTexture_reguu")
}, {
"duration": 0.5,
"texture": SubResource("AtlasTexture_7mmxv")
}, {
"duration": 0.5,
"texture": SubResource("AtlasTexture_3m3mg")
}],
"loop": false,
"name": &"WHIP_DOWN",
"speed": 5.0
}, {
"frames": [{
"duration": 0.5,
"texture": SubResource("AtlasTexture_sjx3d")
}, {
"duration": 0.5,
"texture": SubResource("AtlasTexture_2gxf3")
}, {
"duration": 0.5,
"texture": SubResource("AtlasTexture_5ok0q")
}, {
"duration": 0.5,
"texture": SubResource("AtlasTexture_ujjyl")
}, {
"duration": 0.5,
"texture": SubResource("AtlasTexture_dqsdi")
}, {
"duration": 0.5,
"texture": SubResource("AtlasTexture_1wjvo")
}],
"loop": false,
"name": &"WHIP_LEFT",
"speed": 5.0
}, {
"frames": [{
"duration": 0.5,
"texture": SubResource("AtlasTexture_1oijd")
}, {
"duration": 0.5,
"texture": SubResource("AtlasTexture_fjo6v")
}, {
"duration": 0.5,
"texture": SubResource("AtlasTexture_2drgx")
}, {
"duration": 0.5,
"texture": SubResource("AtlasTexture_tplhg")
}, {
"duration": 0.5,
"texture": SubResource("AtlasTexture_8dt7d")
}, {
"duration": 0.5,
"texture": SubResource("AtlasTexture_8thuh")
}],
"loop": false,
"name": &"WHIP_RIGHT",
"speed": 5.0
}, {
"frames": [{
"duration": 0.5,
"texture": SubResource("AtlasTexture_pgjx1")
}, {
"duration": 0.5,
"texture": SubResource("AtlasTexture_08ypl")
}, {
"duration": 0.5,
"texture": SubResource("AtlasTexture_fppyw")
}, {
"duration": 0.5,
"texture": SubResource("AtlasTexture_f56mr")
}, {
"duration": 0.5,
"texture": SubResource("AtlasTexture_5r7t6")
}, {
"duration": 0.5,
"texture": SubResource("AtlasTexture_fc077")
}],
"loop": false,
"name": &"WHIP_UP",
"speed": 5.0
}]

[node name="LPCNecromancer" type="Node2D"]
script = ExtResource("1_d6mke")
SpriteSheets = Array[ExtResource("2_tvawt")]([SubResource("Resource_tqtd4")])
DefaultAnimation = 10

[node name="Necromancer" type="AnimatedSprite2D" parent="."]
texture_filter = 1
sprite_frames = SubResource("SpriteFrames_yvkuw")
animation = &"WALK_DOWN"
frame_progress = 0.749712
